@misc{de2000sources,
	title={Sources of Chinese tradition: From 1600 through the twentieth century (vol. 2)},
	author={De Bary, William Theodore and Lufrano, Richard},
	year={2000},
	publisher={New York: Columbia University Press}
}

@INPROCEEDINGS{6376394,
	author={P. Liu and S. Xu and S. Lin},
	booktitle={2012 Fourth International Conference on Digital Home},
	title={Automatic generation of personalized Chinese handwriting characters},
	year={2012},
	pages={109--116},
	doi={10.1109/ICDH.2012.77},
	ISSN={},
	month={Nov}
}

@inproceedings{xu2008automatic,
	title={Automatic facsimile of chinese calligraphic writings},
	author={Xu, Songhua and Jiang, Hao and Jin, Tao and Lau, Francis and Pan, Yunhe},
	booktitle={Computer Graphics Forum},
	volume={27},
	number={7},
	pages={1879--1886},
	year={2008},
	organization={Wiley Online Library}
}

@ARTICLE{1439477,
	author={Songhua Xu and F. C. M. Lau and W. K. Cheung and Yunhe Pan},
	journal={IEEE Intelligent Systems},
	title={Automatic generation of artistic chinese calligraphy},
	year={2005},
	volume={20},
	number={3},
	pages={32--39},
	doi={10.1109/MIS.2005.41},
	ISSN={1541-1672},
	month={May}
}

@inproceedings{meng2017recognition,
	title={Recognition of Oracle Bone Inscriptions by Extracting Line Features on Image Processing},
	author={Meng, Lin},
	booktitle={ICPRAM},
	pages={606--611},
	year={2017}
}

@article{xue2014recognition,
	title={Recognition of Similar Handwritten Chinese Characters Based on CNN and Random Elastic Deformation},
	author={Xue, Gao and You-Wang, Wang},
	journal={Journal of South China University of Technology (Natural Science Edition)},
	volume={1},
	pages={016},
	year={2014}
}

@article{yifei2017,
	title={Recognition of Components in the Tangut Script Based on MeanShift Algorithm},
	author={Xue, Gao and You-Wang, Wang},
	journal={Journal of Guangxi University (Natural Science Edition)},
	volume={42},
	number={3},
	pages={1107--1113},
	year={2017},
	doi={10.13624/j},
	issn={1001-7445}
	url={http://www.en.cnki.com.cn/Article_en/CJFDTotal-GXKZ201703036.htm}
}

@INPROCEEDINGS{5659229,
	author={C. L. Liu and F. Yin and D. H. Wang and Q. F. Wang},
	booktitle={2010 Chinese Conference on Pattern Recognition (CCPR)},
	title={Chinese Handwriting Recognition Contest 2010},
	year={2010},
	pages={1--5},
	doi={10.1109/CCPR.2010.5659229},
	month={Oct}
}

@inproceedings{deng2009imagenet,
	title={Imagenet: A large-scale hierarchical image database},
	author={Deng, Jia and Dong, Wei and Socher, Richard and Li, Li-Jia and Li, Kai and Fei-Fei, Li},
	booktitle={Computer Vision and Pattern Recognition, 2009. CVPR 2009. IEEE Conference on},
	pages={248--255},
	year={2009},
	organization={IEEE}
}

@article{DBLP:journals/corr/Thoma17,
	author    = {Martin Thoma},
	title     = {The HASYv2 dataset},
	journal   = {CoRR},
	volume    = {abs/1701.08380},
	year      = {2017},
	url       = {http://arxiv.org/abs/1701.08380},
	archivePrefix = {arXiv},
	eprint    = {1701.08380},
	timestamp = {Wed, 07 Jun 2017 14:40:06 +0200},
	biburl    = {https://dblp.org/rec/bib/journals/corr/Thoma17},
	bibsource = {dblp computer science bibliography, https://dblp.org}
}

@InProceedings{deCampos09,
	author    = {de Campos, T.~E. and Babu, B.~R. and Varma, M.},
	title     = {Character recognition in natural images},
	booktitle = {Proceedings of the International Conference on Computer
	Vision Theory and Applications, Lisbon, Portugal},
	month     = {February},
	year      = {2009}
}

@inproceedings{netzer2011reading,
	title={Reading digits in natural images with unsupervised feature learning},
	author={Netzer, Yuval and Wang, Tao and Coates, Adam and Bissacco, Alessandro and Wu, Bo and Ng, Andrew Y},
	booktitle={NIPS workshop on deep learning and unsupervised feature learning},
	volume={2011},
	number={2},
	pages={5},
	year={2011}
}

@article{alimoglu1996combining,
	title={Combining multiple classifiers for pen-based handwritten digit recognition},
	author={Alimoglu, Fevzi and Alpaydin, Ethem and Denizhan, Yagmur},
	year={1996},
	publisher={Citeseer}
}

@Article{Frey1991,
	author={Frey, Peter W.
	and Slate, David J.},
	title={Letter recognition using Holland-style adaptive classifiers},
	journal={Machine Learning},
	year={1991},
	month={Mar},
	day={01},
	volume={6},
	number={2},
	pages={161--182},
	issn={1573-0565},
	doi={10.1007/BF00114162},
	url={https://doi.org/10.1007/BF00114162}
}

@article{llorens2008ujipenchars,
	title={The UJIpenchars Database: A Pen-Based Database of Isolated Handwritten Characters},
	author={Llorens Pi{\~n}ana, David and Prat, F and Marzal Varo, Andr{\'e}s and Vilar Torres, Juan Miguel and Castrol, MJ and Amengual Argudo, Juan Carlos and Barrachina, S and Castellanos, A and Espa{\~n}a, S and G{\'o}mez, JA and others},
	year={2008}
}

@inproceedings{zhang2009hcl2000,
	title={HCL2000 - A large-scale handwritten Chinese character database for handwritten character recognition},
	author={Zhang, Honggang and Guo, Jun and Chen, Guang and Li, Chunguang},
	booktitle={Document Analysis and Recognition, 2009. ICDAR'09. 10th International Conference on},
	pages={286--290},
	year={2009},
	organization={IEEE}
}

@article{men2011xixia,
	title={Xixia Characters Recognition Based on Elastic Mesh},
	author={MEN, Guangfu and PAN, Chen and LIU, Changqing},
	journal={Journal of Chinese Information Processing},
	volume={25},
	number={5},
	pages={109--113},
	year={2011}
}

@article{DBLP:journals/corr/abs-1711-11585,
	author    = {Ting{-}Chun Wang and
	           Ming{-}Yu Liu and
	           Jun{-}Yan Zhu and
	           Andrew Tao and
	           Jan Kautz and
	           Bryan Catanzaro},
	title     = {High-Resolution Image Synthesis and Semantic Manipulation with Conditional
	           GANs},
	journal   = {CoRR},
	volume    = {abs/1711.11585},
	year      = {2017},
	url       = {http://arxiv.org/abs/1711.11585},
	archivePrefix = {arXiv},
	eprint    = {1711.11585},
	timestamp = {Sat, 31 Mar 2018 15:26:48 +0200},
	biburl    = {https://dblp.org/rec/bib/journals/corr/abs-1711-11585},
	bibsource = {dblp computer science bibliography, https://dblp.org}
}

@article{DBLP:journals/corr/BahrampourRSS15,
	author    = {Soheil Bahrampour and
			   Naveen Ramakrishnan and
			   Lukas Schott and
			   Mohak Shah},
	title     = {Comparative Study of Caffe, Neon, Theano, and Torch for Deep Learning},
	journal   = {CoRR},
	volume    = {abs/1511.06435},
	year      = {2015},
	url       = {http://arxiv.org/abs/1511.06435},
	archivePrefix = {arXiv},
	eprint    = {1511.06435},
	timestamp = {Wed, 07 Jun 2017 14:41:13 +0200},
	biburl    = {https://dblp.org/rec/bib/journals/corr/BahrampourRSS15},
	bibsource = {dblp computer science bibliography, https://dblp.org}
}

@article{DBLP:journals/corr/AbadiBCCDDDGIIK16,
	author    = {Mart{\'{\i}}n Abadi and
		       Paul Barham and
		       Jianmin Chen and
		       Zhifeng Chen and
		       Andy Davis and
		       Jeffrey Dean and
		       Matthieu Devin and
		       Sanjay Ghemawat and
		       Geoffrey Irving and
		       Michael Isard and
		       Manjunath Kudlur and
		       Josh Levenberg and
		       Rajat Monga and
		       Sherry Moore and
		       Derek Gordon Murray and
		       Benoit Steiner and
		       Paul A. Tucker and
		       Vijay Vasudevan and
		       Pete Warden and
		       Martin Wicke and
		       Yuan Yu and
		       Xiaoqiang Zhang},
	title     = {TensorFlow: {A} system for large-scale machine learning},
	journal   = {CoRR},
	volume    = {abs/1605.08695},
	year      = {2016},
	url       = {http://arxiv.org/abs/1605.08695},
	archivePrefix = {arXiv},
	eprint    = {1605.08695},
	timestamp = {Wed, 07 Jun 2017 14:41:30 +0200},
	biburl    = {https://dblp.org/rec/bib/journals/corr/AbadiBCCDDDGIIK16},
	bibsource = {dblp computer science bibliography, https://dblp.org}
}

@article{7327196,
	author={J. Guo and C. Wang and E. Roman-Rangel and H. Chao and Y. Rui},
	journal={IEEE Transactions on Image Processing},
	title={Building Hierarchical Representations for Oracle Character and Sketch Recognition},
	year={2016},
	volume={25},
	number={1},
	pages={104--118},
	doi={10.1109/TIP.2015.2500019},
	ISSN={1057-7149},
	month={Jan}
}

@inproceedings{goodfellow2014generative,
	title={Generative adversarial nets},
	author={Goodfellow, Ian and Pouget-Abadie, Jean and Mirza, Mehdi and Xu, Bing and Warde-Farley, David and Ozair, Sherjil and Courville, Aaron and Bengio, Yoshua},
	booktitle={Advances in neural information processing systems},
	pages={2672--2680},
	year={2014}
}

@article{DBLP:journals/corr/abs-1801-08624,
	author    = {Bo Chang and
	           Qiong Zhang and
	           Shenyi Pan and
	           Lili Meng},
	title     = {Generating Handwritten Chinese Characters using CycleGAN},
	journal   = {CoRR},
	volume    = {abs/1801.08624},
	year      = {2018},
	url       = {http://arxiv.org/abs/1801.08624},
	archivePrefix = {arXiv},
	eprint    = {1801.08624},
	timestamp = {Fri, 02 Feb 2018 14:20:25 +0100},
	biburl    = {https://dblp.org/rec/bib/journals/corr/abs-1801-08624},
	bibsource = {dblp computer science bibliography, https://dblp.org}
}

@article{Shi2005,
	author = {Shi Chuangming and
              LIU Yongge},
	title = {The Study of Jiaguwen's Display on Web Page Based on SVG},
	journal = {Journal of Henan University},
	year = {2005},
	month = {May},
	note = {[Online; accessed 21. May 2018]},
	url = {http://en.cnki.com.cn/Article_en/CJFDTotal-HDZR200502020.htm}
}

@article{Liu2004,
	author = {Liu Yongge and
              Li Qingsheng},
	title = {Design and Implementation of Visual Input Method of Oracular Inscriptions on Tortoise Shells and Bones},
	journal = {Computer Engineering \& Applications},
	year = {2004},
	volume={40},
	number={17},
	pages={139--140},
	note = {[Online; accessed 21. May 2018]},
	url = {http://en.cnki.com.cn/Article_en/CJFDTOTAL-JSGG200417045.htm}
}

@article{DBLP:journals/corr/MirzaO14,
	author    = {Mehdi Mirza and
		       Simon Osindero},
	title     = {Conditional Generative Adversarial Nets},
	journal   = {CoRR},
	volume    = {abs/1411.1784},
	year      = {2014},
	url       = {http://arxiv.org/abs/1411.1784},
	archivePrefix = {arXiv},
	eprint    = {1411.1784},
	timestamp = {Wed, 07 Jun 2017 14:40:37 +0200},
	biburl    = {https://dblp.org/rec/bib/journals/corr/MirzaO14},
	bibsource = {dblp computer science bibliography, https://dblp.org}
}

@inproceedings{Krizhevsky:2012:ICD:2999134.2999257,
	author = {Krizhevsky, Alex and Sutskever, Ilya and Hinton, Geoffrey E.},
	title = {ImageNet Classification with Deep Convolutional Neural Networks},
	booktitle = {Proceedings of the 25th International Conference on Neural Information Processing Systems - Volume 1},
	series = {NIPS'12},
	year = {2012},
	location = {Lake Tahoe, Nevada},
	pages = {1097--1105},
	numpages = {9},
	url = {http://dl.acm.org/citation.cfm?id=2999134.2999257},
	acmid = {2999257},
	publisher = {Curran Associates Inc.},
	address = {USA}
} 

@article{DBLP:journals/corr/IsolaZZE16,
	author    = {Phillip Isola and
		       Jun{-}Yan Zhu and
		       Tinghui Zhou and
		       Alexei A. Efros},
	title     = {Image-to-Image Translation with Conditional Adversarial Networks},
	journal   = {CoRR},
	volume    = {abs/1611.07004},
	year      = {2016},
	url       = {http://arxiv.org/abs/1611.07004},
	archivePrefix = {arXiv},
	eprint    = {1611.07004},
	timestamp = {Wed, 07 Jun 2017 14:41:37 +0200},
	biburl    = {https://dblp.org/rec/bib/journals/corr/IsolaZZE16},
	bibsource = {dblp computer science bibliography, https://dblp.org}
}

@article{DBLP:journals/corr/ZhuPIE17,
	author    = {Jun{-}Yan Zhu and
		       Taesung Park and
		       Phillip Isola and
		       Alexei A. Efros},
	title     = {Unpaired Image-to-Image Translation using Cycle-Consistent Adversarial
		       Networks},
	journal   = {CoRR},
	volume    = {abs/1703.10593},
	year      = {2017},
	url       = {http://arxiv.org/abs/1703.10593},
	archivePrefix = {arXiv},
	eprint    = {1703.10593},
	timestamp = {Wed, 07 Jun 2017 14:40:17 +0200},
	biburl    = {https://dblp.org/rec/bib/journals/corr/ZhuPIE17},
	bibsource = {dblp computer science bibliography, https://dblp.org}
}

@article{DBLP:journals/corr/White16a,
	author    = {Tom White},
	title     = {Sampling Generative Networks: Notes on a Few Effective Techniques},
	journal   = {CoRR},
	volume    = {abs/1609.04468},
	year      = {2016},
	url       = {http://arxiv.org/abs/1609.04468},
	archivePrefix = {arXiv},
	eprint    = {1609.04468},
	timestamp = {Wed, 07 Jun 2017 14:42:31 +0200},
	biburl    = {https://dblp.org/rec/bib/journals/corr/White16a},
	bibsource = {dblp computer science bibliography, https://dblp.org}
}

@article{Srivastava:2014:DSW:2627435.2670313,
	author = {Srivastava, Nitish and Hinton, Geoffrey and Krizhevsky, Alex and Sutskever, Ilya and Salakhutdinov, Ruslan},
	title = {Dropout: A Simple Way to Prevent Neural Networks from Overfitting},
	journal = {J. Mach. Learn. Res.},
	issue_date = {January 2014},
	volume = {15},
	number = {1},
	month = jan,
	year = {2014},
	issn = {1532-4435},
	pages = {1929--1958},
	numpages = {30},
	url = {http://dl.acm.org/citation.cfm?id=2627435.2670313},
	acmid = {2670313},
	publisher = {JMLR.org},
	keywords = {deep learning, model combination, neural networks, regularization}
}

@article{DBLP:journals/corr/SalimansGZCRC16,
	author    = {Tim Salimans and
		       Ian J. Goodfellow and
		       Wojciech Zaremba and
		       Vicki Cheung and
		       Alec Radford and
		       Xi Chen},
	title     = {Improved Techniques for Training GANs},
	journal   = {CoRR},
	volume    = {abs/1606.03498},
	year      = {2016},
	url       = {http://arxiv.org/abs/1606.03498},
	archivePrefix = {arXiv},
	eprint    = {1606.03498},
	timestamp = {Wed, 07 Jun 2017 14:40:52 +0200},
	biburl    = {https://dblp.org/rec/bib/journals/corr/SalimansGZCRC16},
	bibsource = {dblp computer science bibliography, https://dblp.org}
}

@article{haralick1987image,
	title={Image analysis using mathematical morphology},
	author={Haralick, Robert M and Sternberg, Stanley R and Zhuang, Xinhua},
	journal={IEEE transactions on pattern analysis and machine intelligence},
	number={4},
	pages={532--550},
	year={1987},
	publisher={IEEE}
}

@inproceedings{ravi2013morphological,
	title={Morphological Operations for Image Processing: Understanding and its Applications},
	author={Ravi, S and Khan, AM},
	booktitle={NCVSComs-13 Conference Proceedings},
	pages={17--19},
	year={2013}
}

@article{DBLP:journals/corr/YiZTG17,
	author    = {Zili Yi and
	Hao Zhang and
	Ping Tan and
	Minglun Gong},
	title     = {DualGAN: Unsupervised Dual Learning for Image-to-Image Translation},
	journal   = {CoRR},
	volume    = {abs/1704.02510},
	year      = {2017},
	url       = {http://arxiv.org/abs/1704.02510},
	archivePrefix = {arXiv},
	eprint    = {1704.02510},
	timestamp = {Sun, 09 Jul 2017 09:10:15 +0200},
	biburl    = {https://dblp.org/rec/bib/journals/corr/YiZTG17},
	bibsource = {dblp computer science bibliography, https://dblp.org}
}

@article{DBLP:journals/corr/KimCKLK17,
	author    = {Taeksoo Kim and
	Moonsu Cha and
	Hyunsoo Kim and
	Jung Kwon Lee and
	Jiwon Kim},
	title     = {Learning to Discover Cross-Domain Relations with Generative Adversarial
	Networks},
	journal   = {CoRR},
	volume    = {abs/1703.05192},
	year      = {2017},
	url       = {http://arxiv.org/abs/1703.05192},
	archivePrefix = {arXiv},
	eprint    = {1703.05192},
	timestamp = {Wed, 07 Jun 2017 14:43:16 +0200},
	biburl    = {https://dblp.org/rec/bib/journals/corr/KimCKLK17},
	bibsource = {dblp computer science bibliography, https://dblp.org}
}

@book{serra1983image,
	title={Image analysis and mathematical morphology},
	author={Serra, Jean},
	year={1983},
	publisher={Academic Press, Inc.}
}

@book{soille2013morphological,
	title={Morphological image analysis: principles and applications},
	author={Soille, Pierre},
	year={2013},
	publisher={Springer Science \& Business Media}
}

@book{Goodfellow-et-al-2016,
    title={Deep Learning},
    author={Ian Goodfellow and Yoshua Bengio and Aaron Courville},
    publisher={MIT Press},
    note={\url{http://www.deeplearningbook.org}},
    year={2016}
}

@book{geron2017hands,
	title={Hands-on machine learning with Scikit-Learn and TensorFlow: concepts, tools, and techniques to build intelligent systems},
	author={G{\'e}ron, Aur{\'e}lien},
	year={2017},
	publisher={O'Reilly Media, Inc.}
}